@misc{couzy_damen_2018, title={Huizenprijzen Amsterdam in een jaar ruim 20 procent gestegen - Amsterdam - PAROOL}, url={https://www.parool.nl/amsterdam/huizenprijzen-amsterdam-in-een-jaar-ruim-20-procent-gestegen~a4601316/}, journal={Het Parool}, author={Couzy, Michiel and Damen, Ton}, year={2018}, month={Jul}}
@misc{couzy_2018, title={DNB: 1 op de 5 huizen verkocht aan beleggers - Amsterdam - PAROOL}, url={https://www.parool.nl/amsterdam/dnb-1-op-de-5-huizen-verkocht-aan-beleggers~a4605736}, journal={Het Parool}, author={Couzy, Michiel}, year={2018}, month={Oct}}
@article{fan_ong_koh_2006, title={Determinants of House Price: A Decision Tree Approach}, volume={43}, DOI={10.1080/00420980600990928}, number={12}, journal={Urban Studies}, author={Fan, Gang-Zhi and Ong, Seow Eng and Koh, Hian Chye}, year={2006}, pages={2301–2315}}
@article{park_bae_2015, title={Using machine learning algorithms for housing price prediction: The case of Fairfax County, Virginia housing data}, volume={42}, DOI={10.1016/j.eswa.2014.11.040}, number={6}, journal={Expert Systems with Applications}, author={Park, Byeonghwa and Bae, Jae Kwon}, year={2015}, pages={2928–2934}}
@article{adair_berry_mcgreal_1996, title={Hedonic modelling, housing submarkets and residential valuation}, volume={13}, DOI={10.1080/095999196368899}, number={1}, journal={Journal of Property Research}, author={Adair, A. S. and Berry, J. N. and Mcgreal, W. S.}, year={1996}, pages={67–83}}
@article{stevenson_2004, title={New empirical evidence on heteroscedasticity in hedonic housing models}, volume={13}, DOI={10.1016/j.jhe.2004.04.004}, number={2}, journal={Journal of Housing Economics}, author={Stevenson, Simon}, year={2004}, pages={136–153}}
@article{bin_2004, title={A prediction comparison of housing sales prices by parametric versus semi-parametric regressions}, volume={13}, DOI={10.1016/j.jhe.2004.01.001}, number={1}, journal={Journal of Housing Economics}, author={Bin, Okmyung}, year={2004}, pages={68–84}}
@article{james_witten_hastie_tibshirani_2013, title={An Introduction to Statistical Learning}, DOI={10.1007/978-1-4614-7138-7_1}, journal={Springer Texts in Statistics}, author={James, Gareth and Witten, Daniela and Hastie, Trevor and Tibshirani, Robert}, year={2013}, pages={1–14}}
@article{fonti, title={Feature selection using LASSO}, url={https://beta.vu.nl/nl/Images/werkstuk-fonti_tcm235-836234.pdf}, author={Fonti, Valeria}}
@article{nie_huang_cai_ding, title={Efficient and Robust Feature Selection via Joint L2,1-Norms Minimization}, url={https://papers.nips.cc/paper/3988-efficient-and-robust-feature-selection-via-joint-l21-norms-minimization.pdf}, author={Nie, Feiping and Huang, Heng and Cai, Xiao and Ding, Chris}}
@article{bergstra_bengio_2012, title={Random Search for Hyper-Parameter Optimization}, volume={13}, url={http://jmlr.csail.mit.edu/papers/volume13/bergstra12a/bergstra12a.pdf}, journal={ournal of Machine Learning Research}, author={Bergstra, James and Bengio, Yoshua}, year={2012}, pages={281–305}}
@article{zhao_sun_wang_2014, title={The Research on Price Prediction of Second-hand houses based on KNN and Stimulated Annealing Algorithm}, volume={8}, DOI={10.14257/ijsh.2014.8.2.19}, number={2}, journal={International Journal of Smart Home}, author={Zhao, Weikun and Sun, Cao and Wang, Ji}, year={2014}, pages={191–200}}
